@article{yang2017k,
  title={k-Shape clustering algorithm for building energy usage patterns analysis and forecasting model accuracy improvement},
  author={Yang, Junjing and Ning, Chao and Deb, Chirag and Zhang, Fan and Cheong, David and Lee, Siew Eang and Sekhar, Chandra and Tham, Kwok Wai},
  journal={Energy and Buildings},
  volume={146},
  pages={27--37},
  year={2017},
  publisher={Elsevier}
}